@misc{ gutenberg,
       title = "Project Gutenberg",
       howpublished = "\url{http://gutenberg.org}",
       urldate = {2020-05-01}, 
       }

https://www.kaggle.com/c/spooky-author-identification

@misc{spooky,
title="Spooky Author Identification",
urldate = {2020-05-01}, 
howpublished = "\url{https://www.kaggle.com/c/spooky-author-identification/}"
}

@inproceedings{doc2vec,
  title={Distributed representations of sentences and documents},
  author={Le, Quoc and Mikolov, Tomas},
  booktitle={International conference on machine learning},
  pages={1188--1196},
  year={2014}
}
@inproceedings{word2vec,
  title={Distributed representations of words and phrases and their compositionality},
  author={Mikolov, Tomas and Sutskever, Ilya and Chen, Kai and Corrado, Greg S and Dean, Jeff},
  booktitle={Advances in neural information processing systems},
  pages={3111--3119},
  year={2013}
}

@misc{sklearn_tfidf,
title="sklean TfidfVectorizer",
urldate = {2020-05-05}, 
howpublished = "\url{https://scikit-learn.org/stable/modules/generated/sklearn.feature_extraction.text.TfidfVectorizer.html}"
}

@misc{nltk_tfidf,
title="Text Summarization using NLTK: TF-IDF Algorithm",
author={Akash Panchal},
urldate = {2020-05-05}, 
howpublished = "\url{https://towardsdatascience.com/text-summarization-using-tf-idf-e64a0644ace3}"
}

@misc{naive_bayes,
title="Naive Bayes Classifier",
author={Rohith Gandhi},
urldate = {2020-05-05}, 
howpublished = "\url{https://towardsdatascience.com/naive-bayes-classifier-81d512f50a7c}"
}


@misc{grid_search,
title="Sample pipeline for text feature extraction and evaluation",
urldate = {2020-05-05}, 
howpublished = "\url{https://scikit-learn.org/stable/auto_examples/model_selection/grid_search_text_feature_extraction.html}"
}

@misc{cv,
title="A Gentle Introduction to k-fold Cross-Validation",
author={Jason Brownlee},
urldate = {2020-05-05}, 
howpublished = "\url{https://machinelearningmastery.com/k-fold-cross-validation/}"
}

@misc{gs,
title="Grid Search for model tuning",
author={Rohan Joseph},
urldate = {2020-05-05}, 
howpublished = "\url{https://towardsdatascience.com/grid-search-for-model-tuning-3319b259367e}"
}